%% This BibTeX bibliography file was created using BibDesk.
%% https://bibdesk.sourceforge.io/

%% Created for Tristan Pryer at 2020-12-13 11:30:25 +0000 


%% Saved with string encoding Unicode (UTF-8) 


@article{WBBC:2016,
author = {Weller, H. and Browne, P. and Budd, C. and Cullen, M.},
title = {Mesh adaptation on the sphere using optimal transport and the numerical solution of a Monge - Amp\`{e}re type equation},
journal = {Journal of Computational Physics},
volume = {308},
pages = {102-123},
year = {2016}}


@article{Pryer:2012,
author = {Pryer, T.},
year = {2012},
title = {Applications of nonvariational finite element methods to Monge - Amp\`{e}re
type equations},
}

@article{CBM:2019,
title = {The moving mesh semi-Lagrangian MMSISL method},
journal = {Journal of Computational Physics},
volume = {393},
pages = {484-502},
year = {2019},
author = {Cook, S.P. and Budd, C.J. and Melvin, T.},
}


@article{HSLF:2013,
	affiliation = {Institut für Strömungsmechanik, Technische Universität Dresden; Fachbereich Mathematik und Graduiertenschule Computational Engineering, Technische Universität Darmstadt},
	author = {Hertel, C. and Sch{\"u}michen, M. and Jens, L. and Fröhlich, J.},
	copyright = {Springer Science+Business Media Dordrecht},
	journal = {Flow, Turbulence and Combustion},
	number = {4},
	pages = {785-812},
	title = {Using a Moving Mesh PDE for Cell Centres to Adapt a Finite Volume Grid},
	volume = {90},
	year = {2013}}

@misc{Hart:2016,
  author = {Hart, K.},
  title = {AABBTree},
  year = {2016},
  publisher = {GitHub},
  journal = {GitHub repository},
  howpublished = {https://github.com/kip-hart/AABBTree}}

@article{GMP:2017,
	author = {Georgoulis, E. and Makridakis, C. and Pryer, T.},
	journal = {arXiv:1704.05238},
	title = {Bab$\breve{u}$ska-Osborn techniques in discontinuous Galerkin methods: $L^2$-norm error estimates for unstructured meshes},
	year = {2017}}

@article{Cangiani:2014,
	author = {Cangiani, A. and Georgoulis, E. and Houston, P.},
	journal = {Mathematical Models and Methods in Applied Sciences},
	number = {10},
	pages = {2009-2041},
	publisher = {World Scientific},
	title = {hp-version discontinuous Galerkin methods on polygonal and polyhedral meshes},
	volume = {24},
	year = {2014}}

@article{Muller:2005,
	author = {M{\"u}ller, P. and Garrett, C. and Osborne, A.},
	journal = {Oceanography},
	number = {3},
	pages = {66},
	title = {Rogue waves},
	volume = {18},
	year = {2005}}

@article{Roulstone:1994,
	author = {Roulstone, I. and Norbury, J.},
	journal = {Journal of Fluid Mechanics},
	pages = {211--234},
	publisher = {Cambridge University Press},
	title = {A Hamiltonian structure with contact geometry for the semi-geostrophic equations},
	volume = {272},
	year = {1994}}

@incollection{Shepherd:1990,
	author = {Shepherd M., Theodore G.},
	booktitle = {Advances in Geophysics},
	pages = {287-338},
	publisher = {Elsevier},
	title = {Symmetries, conservation laws, and Hamiltonian structure in geophysical fluid dynamics},
	volume = {32},
	year = {1990}}

@article{Tang:2005,
	author = {Tang, T.},
	journal = {Contemporary mathematics},
	number = {8},
	pages = {141-173},
	publisher = {Providence, RI: American Mathematical Society},
	title = {Moving mesh methods for computational fluid dynamics},
	volume = {383},
	year = {2005}}

@book{Plewa:2005,
	author = {Plewa, T. and Linde, T. and Weirs, V.G.},
	publisher = {Springer Berlin Heidelberg},
	series = {Lecture Notes in Computational Science and Engineering},
	title = {Adaptive Mesh Refinement - Theory and Applications: Proceedings of the Chicago Workshop on Adaptive Mesh Refinement Methods, Sept. 3-5, 2003},
	year = {2005}}

@article{Eiseman:1987,
	author = {Eiseman, P.R.},
	journal = {Computer Methods in Applied Mechanics and Engineering},
	number = {1},
	pages = {321-376},
	title = {Adaptive grid generation},
	volume = {64},
	year = {1987}}

@article{Ainsworth:1998,
	author = {Ainsworth, M. and Senior, B.},
	journal = {Applied Numerical Mathematics},
	number = {1},
	pages = {165-178},
	title = {An adaptive refinement strategy for hp-finite element computations},
	volume = {26},
	year = {1998}}

@article{Petzold:1996,
	author = {Li, S. and Petzold, L.},
	journal = {SIAM Journal on Scientific Computing},
	title = {Stability of Moving Mesh Systems of Partial Differential Equations},
	volume = {20},
	year = {1996}}

@article{HK:2015,
	author = {Huang, W. and Kamenski, L.},
	journal = {Mathematics of Computation},
	title = {On the mesh nonsingularity of the moving mesh PDE method},
	volume = {87},
	year = {2015}}

@book{HR:2011,
	author = {Huang, W. and Russell, R.},
	title = {Adaptive Moving Mesh Methods},
	volume = {174},
	year = {2011}}

@article{BHR:2009,
	author = {Budd, C. and Huang, W. and Russell, R.},
	journal = {Acta Numerica},
	pages = {111-241},
	title = {Adaptivity with moving grids},
	volume = {18},
	year = {2009}}

@article{BHR:1996,
	author = {Budd, C. and Huang, W. and Russell, R.},
	journal = {SIAM Journal on Scientific Computing},
	pages = {305-327},
	title = {Moving Mesh Methods for Problems with Blow-Up},
	volume = {17},
	year = {1996}}

@article{Winslow:1966,
	author = {Winslow, A.M.},
	journal = {Journal of Computational Physics},
	number = {2},
	pages = {149-172},
	title = {Numerical solution of the quasilinear poisson equation in a nonuniform triangle mesh},
	volume = {1},
	year = {1966}}

@article{Dvinsky:1991,
	author = {Dvinsky, A.S.},
	journal = {Journal of Computational Physics},
	number = {2},
	pages = {450-476},
	title = {Adaptive grid generation from harmonic maps on Riemannian manifolds},
	volume = {95},
	year = {1991}}

@article{Huang:2015,
	author = {Huang, W.},
	journal = {Journal of Mathematical Study},
	number = {2},
	pages = {168-186},
	publisher = {Global Science Press},
	title = {A Comparative Numerical Study of Meshing Functionals for Variational Mesh Adaptation},
	volume = {48},
	year = {2015}}

@article{HS:2003,
	author = {Huang, W. and Sun, W.},
	journal = {J. Comput. Phys.},
	number = {2},
	numpages = {30},
	pages = {619-648},
	publisher = {Academic Press Professional, Inc.},
	title = {Variational Mesh Adaptation II: Error Estimates and Monitor Functions},
	volume = {184},
	year = {2003}}

@article{Cao:1999,
	author = {Weiming, C. and Weizhang, H. and  Russell, R.D.},
	journal = {Journal of Computational Physics},
	number = {2},
	pages = {221-244},
	title = {An $r$-Adaptive Finite Element Method Based upon Moving Mesh PDEs},
	volume = {149},
	year = {1999}}

@article{FM:2010,
	author = {Farrell, P. and Maddison, J.},
	journal = {Computer Methods in Applied Mechanics and Engineering},
	pages = {89-100},
	title = {Conservative interpolation between volume meshes by local Galerkin projection},
	volume = {200},
	year = {2010}}

@article{Zhang:2006,
	author = {Zhang, Z.},
	journal = {Communications in Computational Physics},
	title = {Moving mesh method with conservative interpolation based on $L^{2}$-projection},
	volume = {1},
	year = {2006}}

@article{Sutherland:1974,
	author = {Sutherland, I.E. and Hodgman, G.W.},
	journal = {Commun. ACM},
	number = {1},
	numpages = {11},
	pages = {32-42},
	publisher = {Association for Computing Machinery},
	title = {Reentrant Polygon Clipping},
	volume = {17},
	year = {1974}}

@book{Meister:1769,
	author = {Meister, A.L.F.},
	title = {Generalia de genesi figurarum planarum et inde pendentibus earum affectionibus},
	year = {1769}}

@article{GP:2016,
	author = {Giesselmann, J. and Pryer, T.},
	journal = {Mathematical Models and Methods in Applied Sciences},
	title = {A posteriori analysis for dynamic model adaptation in convection dominated problems},
	year = {2016}}


@article{Baker:1977,
	author = {Garth, A.B.},
	journal = {Mathematics of Computation},
	pages = {45-59},
	title = {Finite element methods for elliptic equations using nonconforming elements},
	volume = {31},
	year = {1977}}

@article{Hu:1999,
	author = {Fang, Q.H. and  Hussaini, M.Y. and Rasetarinera, P.},
	journal = {Journal of Computational Physics},
	number = {2},
	pages = {921-946},
	title = {An Analysis of the Discontinuous Galerkin Method for Wave Propagation Problems},
	volume = {151},
	year = {1999}}

@article{Logg:2010,
	author = {Logg, A. and Wells, G.N.},
	journal = {ACM Transactions on Mathematical Software},
	number = {2},
	pages = {1-28},
	publisher = {Association for Computing Machinery (ACM)},
	title = {DOLFIN},
	volume = {37},
	year = {2010}}

@article{Chi-Wang:1988:,
	author = {Chi-Wang, S. and Stanley, O.},
	journal = {Journal of Computational Physics},
	number = {2},
	pages = {439 - 471},
	title = {Efficient implementation of essentially non-oscillatory shock-capturing schemes},
	volume = {77},
	year = {1988},
	}

@article{BH:1974,
	author = {Bunch, J.R. and Hopcroft, J.E.},
	fjournal = {Mathematics of Computation},
	journal = {Math. Comp.},
	pages = {231-236},
	title = {Triangular factorization and inversion by fast matrix multiplication},
	volume = {28},
	year = {1974}}
	

@misc{SZL:2018,
      title={Strong Stability Preserving Integrating Factor Runge-Kutta Methods}, 
      author={Gottlieb, S. and Grant, Z.J. and Isherwood, L.},
      year={2018}}


%%%%%%%%%%%%%%%%%%%%%%%%%%%%%%%%%%%%%%%%%%%%%%%%%%%%%%%%%%%%%%%%%%%%%%%%%%%%%%%%%%%%%%%%%%%%%%%%
%%%%%%%%%%%%%%%%%%%%%%%%%%%%%%%%%%%%%%%%%%%%%%%%%%%%%%%%%%%%%%%%%%%%%%%%%%%%%%%%%%%%%%%%%%%%%%%5


@article{Reed:1973,
title = {Triangular mesh methods for the neutron transport equation},
author = {Reed, W.H. and Hill, T.R.},
place = {United States},
year = {1973}} 


@article{Cockburn:1998,
 author = {Cockburn, B. and Chi Wang, S.},
 journal = {SIAM Journal on Numerical Analysis},
 number = {6},
 pages = {2440-2463},
 publisher = {Society for Industrial and Applied Mathematics},
 title = {The Local Discontinuous Galerkin Method for Time-Dependent Convection-Diffusion Systems},
 volume = {35},
 year = {1998}}


@article{Cockburn:2001,
keywords = {Convection-diffusion equations, Discontinuous Galerkin methods, Non-linear conservation laws},
author = {Cockburn, B. and Chi Wang, S.},
year = {2001},
volume = {16},
pages = {173-261},
journal = {Journal of Scientific Computing},
publisher = {Springer New York}}


@article{AD:1982,
author = {Arnold, D.},
title = {An Interior Penalty Finite Element Method with Discontinuous Elements},
journal = {SIAM Journal on Numerical Analysis},
volume = {19},
number = {4},
pages = {742-760},
year = {1982}}

@inbook{ABCM:2000,
author = {Arnold, D. and Brezzi, F. and Cockburn, B. and Marini, D.},
year = {2000},
pages = {89-101},
title = {Discontinuous Galerkin Methods},
volume = {11}}


@article{ABCM:2002,
author = {Arnold, D. and Brezzi, F. and Cockburn, B. and Marini, D.},
year = {2002},
title = {Unified Analysis of Discontinuous Galerkin Methods for Elliptic Problems},
volume = {39},
journal = {SIAM J. Numer. Anal.}}


@article{Richter:1992,
 author = {Richter, G.R.},
 journal = {Mathematics of Computation},
 number = {198},
 pages = {631-643},
 publisher = {American Mathematical Society},
 title = {The Discontinuous Galerkin Method with Diffusion},
 volume = {58},
 year = {1992}
}




%% Poisson equation with corner singularity using FEM 

@article{CKW:2002,
author = {Zhiqiang, C. and Seokchan, K. and Gyungsoo, W.},
title = {A finite element method using singular functions for the Poisson equation: crack singularities},
journal = {Numerical Linear Algebra with Applications},
volume = {9},
number = {6‐7},
pages = {445-455},
year = {2002}
}

@article{ZS:2002,
 author = {Zhiqiang, C. and Seokchan, K.},
 journal = {SIAM Journal on Numerical Analysis},
 number = {1},
 pages = {286-299},
 publisher = {Society for Industrial and Applied Mathematics},
 title = {A Finite Element Method Using Singular Functions for the Poisson Equation: Corner Singularities},
 volume = {39},
 year = {2002}}

@article{SH:2016,
title = {A finite element method for computing accurate solutions for Poisson equations with corner singularities using the stress intensity factor},
journal = {Computers and Mathematics with Applications},
volume = {71},
number = {11},
pages = {2330-2337},
year = {2016},
author = {Seokchan, K. and Hyung-Chun, L.},
}

%%%%%%%%%%%%%%%%%%%%%%%%%%%%%%%%%%%%%%%

% Books on FEM

@book{BS:2008,
  author = {Brenner, S.C. and Scott, L.R.},
  publisher = {Springer},
  series = {Texts in Applied Mathematics},
  title = {The Mathematical Theory of Finite Element Methods},
  volume = {15},
  year = {2008}
}

@inproceedings{SRW:2010,
  title={On the Constants in Inverse Inequalities in \leb{2}},
  author={Sevtap, O. and Rivi{$\`e$}re, B. and Warburton, T.},
  year={2010},
}


@book{Guermond:2021,
author = {Ern, Alexandre and Guermond, Jean-Luc},
year = {2021},
title = {Finite Elements I: Approximation and Interpolation}}


%%%%%%%%%%%%%%%%%%%%%%%%%%%%%%%%%%%%%%%%%%%%%%%%%%%%%%%%%%%%%%%%%%%%


% Books on Weighted Sobolev Spaces

@misc{VMTG:2010,
    author = {Maz’ya, V.G. and Shaposhnikova, T.O. and Der, G.},
    title = {Theory of Sobolev multipliers: with applications to differential and integral operators,},
    year = {2010}}


@book{Kufner:1985,
  title={Weighted Sobolev Spaces},
  author={Kufner, A.},
  year={1985},
  publisher={Wiley}}

% Papers on Weighted Sobolev Spaces

@article{BR:1972,
author = {Bab$\breve{u}$ska, I. and Rosenzweig, M.B.},
title = {A Finite Element Scheme for Domains with Corners},
year = {1972},
publisher = {Springer-Verlag},
volume = {20},
number = {1},
journal = {Numer. Math.},
pages = {1–21},
numpages = {21}
}

@article{BKP:1979,
author = {Bab$\breve{u}$ska, I. and Kellogg, R.B. and Pitk\"{a}ranta, J.},
title = {Direct and Inverse Error Estimates for Finite Elements with Mesh Refinements},
year = {1979},
publisher = {Springer-Verlag},
volume = {33},
number = {4},
journal = {Numer. Math.},
pages = {447-471},
numpages = {25},
}


@article{BG:1988,
author = {Bab$\breve{u}$ska, I. and Guo, B.Q.},
title = {Regularity of the Solution of Elliptic Problems with Piecewise Analytic Data. Part I. Boundary Value Problems for Linear Elliptic Equation of Second Order},
journal = {SIAM Journal on Mathematical Analysis},
volume = {19},
number = {1},
pages = {172--203},
year = {1988},
}


@article{BG:1989,
author = {Bab$\breve{u}$ska, I. and Guo, B. Q.},
title = {Regularity of the Solution of Elliptic Problems with Piecewise Analytic Data. II: The Trace Spaces and Application to the Boundary Value Problems with Nonhomogeneous Boundary Conditions},
journal = {SIAM Journal on Mathematical Analysis},
volume = {20},
number = {4},
pages = {763-781},
year = {1989},
}


@article{Babuska:1992,
title = {The $h$, $p$ and $hp$- version of the finite element method; basis theory and applications},
journal = {Advances in Engineering Software},
volume = {15},
number = {3},
pages = {159--174},
year = {1992},
author = {Bab$\breve{u}$ska, I. and Guo, B.Q.},
}


@book{Quarteroni:1994,
  title={Numerical Approximation of Partial Differential Equations},
  author={Quarteroni, A. and Valli, A.},
  series={Lecture Notes in Mathematics},
  year={1994},
  publisher={Springer-Verlag}
}

@book{Schwab:1998,
  title={$p$-and $hp$-finite element methods: Theory and applications in solid and fluid mechanics},
  author={Schwab, C.},
  year={1998},
  publisher={Oxford University Press}}


@phdthesis{Wihler:2003,
author = {Wihler, T.},
year = {2003},
title = {Discontinuous Galerkin FEM for elliptic problems in polygonal domains}}


%%%%%%%%%%% r-adaptive methods %%%%%%%%%%%%%%%%

@article{LTZ:2001,
title = {Moving Mesh Methods in Multiple Dimensions Based on Harmonic Maps},
journal = {Journal of Computational Physics},
volume = {170},
number = {2},
pages = {562-588},
year = {2001},
author = {Li, R. and Tang, T. and Zhang, P.}}

@article{XHWW:2011,
author = {Xu, X. and Huang, W. and Russell, R. and Williams, J.},
year = {2011},
pages = {580-596},
title = {Convergence of de Boor's algorithm for the generation of equidistributing meshes},
volume = {31},
journal = {IMA Journal of Numerical Analysis}}


@article{CHR:1999,
title = {An $r$-Adaptive Finite Element Method Based upon Moving Mesh PDEs},
journal = {Journal of Computational Physics},
volume = {149},
number = {2},
pages = {221-244},
year = {1999},
author = {Weiming, C. and Weizhang, H. and Robert, D.R.}}


@article{BRW:2015,
title = {The geometry of $r$-adaptive meshes generated using optimal transport methods},
journal = {Journal of Computational Physics},
volume = {282},
pages = {113-137},
year = {2015},
author = {Budd, C.J. and Russell, R.D. and Walsh, E.}}	







